@online{IDC:201205,
    author  = {IDC},
    title   = {{IDC} Raises Tablet Forecast for 2012 and Beyond As {iOS} Picks Up Steam, {Android} Gains Traction, and {Windows} Finally Enters the Market},
    month   = {dec},
    year    = {2012},
    url     = {http://www.idc.com/getdoc.jsp?containerId=prUS23833612#.UStqSet5RBw},
    urldate = {2013-02-15}
}

@report{VM_CPT:2012,
    author  = {{Vision~Mobile}},
    title   = {{C}ross-{P}latform {D}eveloper {T}ools 2012},
    year    = {2012},
    month   = {feb}
}

@report{VM_DE:2013,
    author  = {{Vision~Mobile}},
    title   = {Developer {E}conomics 2013},
    year    = {2013},
    month   = {jan}
}

@online{Friese:2012,
    author = {{P}eter {F}riese},
    title  = {{C}ross-{P}latform {M}obile {D}evelopment},
    year   = {2012},
    month  = {jan},
    url    = {http://www.slideshare.net/peterfriese/cross-platform-mobile-development-11239246},
    urldate = {2013-02-25}
}

@online{Firtman:2012,
    author  = {{M}aximiliano {F}irtman},
    title   = {{Mobile HTML5 - compatibility on iPhone, Android, Windows Phone, BlackBerry, Symbian and other mobile and tablet devices}},
    year    = {2012},
    month   = {nov},
    url     = {http://mobilehtml5.org},
    urldate = {2013-02-27}
}

@online{Mahemoff:2011,
    author  = {{M}ichael {M}ahemoff},
    title   = {{HTML5 vs native: the mobile app debate}},
    year    = {2011},
    month   = {jun},
    url     = {http://www.html5rocks.com/en/mobile/nativedebate/},
    urldate = {2013-02-27}
}

@online{LeRoux:2012,
    author  = {{B}rian {L}e{R}oux},
    title   = {{PhoneGap, Cordova, and what’s in a name?}},
    year    = {2012},
    month   = {mar},
    url     = {http://phonegap.com/2012/03/19/phonegap-cordova-and-what’s-in-a-name/},
    urldate = {2013-02-28}  
}